<record><leader>00000cas a22000007a 4500</leader><controlfield tag="001">37858213</controlfield><controlfield tag="008">971029d19681969tnuwr ne      0    0eng d</controlfield><datafield ind1=" " ind2=" " tag="010"><subfield code="a">sn 97065480 </subfield></datafield><datafield ind1=" " ind2=" " tag="040"><subfield code="a">TGN</subfield><subfield code="b">eng</subfield><subfield code="c">TGN</subfield><subfield code="d">OCLCQ</subfield><subfield code="d">OCLCF</subfield><subfield code="d">OCLCO</subfield></datafield><datafield ind1="1" ind2=" " tag="029"><subfield code="a">AU@</subfield><subfield code="b">000013613167</subfield></datafield><datafield ind1=" " ind2=" " tag="042"><subfield code="a">msc</subfield></datafield><datafield ind1=" " ind2=" " tag="043"><subfield code="a">n-us-tn</subfield></datafield><datafield ind1="0" ind2="4" tag="245"><subfield code="a">The Adamsville appeal.</subfield></datafield><datafield ind1=" " ind2=" " tag="260"><subfield code="a">Adamsville, Tenn. :</subfield><subfield code="b">[Hamilton &amp; Co.],</subfield><subfield code="c">1968-1969.</subfield></datafield><datafield ind1=" " ind2=" " tag="300"><subfield code="a">v.</subfield></datafield><datafield ind1=" " ind2=" " tag="310"><subfield code="a">Weekly</subfield></datafield><datafield ind1="0" ind2=" " tag="362"><subfield code="a">Vol. 42, no. 6 (Oct. 31, 1968)-v. 43, no. 7 (Nov. 13, 1969).</subfield></datafield><datafield ind1=" " ind2=" " tag="580"><subfield code="a">Merged with: McNairy County independent, to form: Independent-appeal (Selmer, Tenn.).</subfield></datafield><datafield ind1=" " ind2="0" tag="651"><subfield code="a">Adamsville (Tenn.)</subfield><subfield code="v">Newspapers.</subfield></datafield><datafield ind1=" " ind2="0" tag="651"><subfield code="a">McNairy County (Tenn.)</subfield><subfield code="v">Newspapers.</subfield></datafield><datafield ind1=" " ind2="7" tag="655"><subfield code="a">Newspapers.</subfield><subfield code="2">fast</subfield><subfield code="0">(OCoLC)fst01423814</subfield></datafield><datafield ind1=" " ind2="7" tag="651"><subfield code="a">Tennessee</subfield><subfield code="z">Adamsville.</subfield><subfield code="2">fast</subfield><subfield code="0">(OCoLC)fst01284193</subfield></datafield><datafield ind1=" " ind2="7" tag="651"><subfield code="a">Tennessee</subfield><subfield code="z">McNairy County.</subfield><subfield code="2">fast</subfield><subfield code="0">(OCoLC)fst01227037</subfield></datafield><datafield ind1=" " ind2=" " tag="752"><subfield code="a">United States</subfield><subfield code="b">Tennessee</subfield><subfield code="c">McNairy</subfield><subfield code="d">Adamsville.</subfield></datafield><datafield ind1="0" ind2="0" tag="780"><subfield code="t">Tennessee Valley appeal</subfield><subfield code="w">(DLC)sn 97065479</subfield></datafield><datafield ind1="1" ind2="7" tag="785"><subfield code="t">McNairy County independent</subfield><subfield code="w">(DLC)sn 89058154</subfield></datafield><datafield ind1="1" ind2="7" tag="785"><subfield code="t">Independent-appeal (Selmer, Tenn.)</subfield><subfield code="w">(DLC)sn 97065488</subfield></datafield></record>